%% This BibTeX bibliography file was created using BibDesk.
%% http://bibdesk.sourceforge.net/


%% Created for Iain Guilliard at 2015-07-06 11:18:24 +1000 


%% Saved with string encoding Unicode (UTF-8) 

@book{bazzan2013intro,
  author    = {Ana L. C. Bazzan and
               Franziska Kl{\"{u}}gl},
  title     = {Introduction to Intelligent Systems in Traffic and Transportation},
  booktitle = {Introduction to Intelligent Systems in Traffic and Transportation},
  series    = {Synthesis Lectures on Artificial Intelligence and Machine Learning},
  publisher = {Morgan {\&} Claypool Publishers},
  year      = {2013},
  url       = {http://dx.doi.org/10.2200/S00553ED1V01Y201312AIM025},
  doi       = {10.2200/S00553ED1V01Y201312AIM025},
  timestamp = {Wed, 05 Nov 2014 16:44:52 +0100},
  biburl    = {http://dblp.uni-trier.de/rec/bib/series/synthesis/2013Bazzan},
  bibsource = {dblp computer science bibliography, http://dblp.org}
}

@article{he2011pamscod,
	Author = {He, Qing and Head, K Larry and Ding, Jun},
	Date-Added = {2015-06-27 00:25:55 +0000},
	Date-Modified = {2015-06-27 00:25:55 +0000},
	Journal = {Procedia-Social and Behavioral Sciences},
	Pages = {462--489},
	Publisher = {Elsevier},
	Title = {PAMSCOD: Platoon-based Arterial Multi-modal Signal Control with Online Data},
	Volume = {17},
	Year = {2011}}

@article{he2014multi,
	Author = {He, Qing and Head, K Larry and Ding, Jun},
	Date-Added = {2015-06-27 00:25:13 +0000},
	Date-Modified = {2015-06-27 00:25:13 +0000},
	Journal = {Transportation Research Part C: Emerging Technologies},
	Pages = {65--82},
	Publisher = {Elsevier},
	Title = {Multi-modal traffic signal control with priority, signal actuation and coordination},
	Volume = {46},
	Year = {2014}}

@inproceedings{he2010heuristic,
	Author = {He, Qing and Lin, Wei-Hua and Liu, Hongchao and Head, K Larry},
	Booktitle = {Service Operations and Logistics and Informatics (SOLI), 2010 IEEE International Conference on},
	Date-Added = {2015-06-27 00:24:31 +0000},
	Date-Modified = {2015-06-27 00:24:31 +0000},
	Organization = {IEEE},
	Pages = {118--124},
	Title = {Heuristic algorithms to solve 0--1 mixed integer LP formulations for traffic signal control problems},
	Year = {2010}}

@article{el2013multiagent,
	Author = {El-Tantawy, Samah and Abdulhai, Baher and Abdelgawad, Hossam},
	Date-Added = {2015-06-27 00:22:56 +0000},
	Date-Modified = {2015-06-27 00:22:56 +0000},
	Journal = {Intelligent Transportation Systems, IEEE Transactions on},
	Number = {3},
	Pages = {1140--1150},
	Publisher = {IEEE},
	Title = {Multiagent reinforcement learning for integrated network of adaptive traffic signal controllers (MARLIN-ATSC): methodology and large-scale application on downtown {Toronto}},
	Volume = {14},
	Year = {2013}}

@article{lin2004enhanced,
	Author = {Lin, Wei-Hua and Wang, Chenghong},
	Date-Added = {2015-06-27 00:22:06 +0000},
	Date-Modified = {2015-06-27 00:22:06 +0000},
	Journal = {Intelligent Transportation Systems, IEEE Transactions on},
	Number = {4},
	Pages = {238--245},
	Publisher = {IEEE},
	Title = {An enhanced 0-1 mixed-integer LP formulation for traffic signal control},
	Volume = {5},
	Year = {2004}}

@article{han2012link,
	Author = {Han, Ke and Friesz, Terry L and Yao, Tao},
	Date-Added = {2015-06-27 00:21:36 +0000},
	Date-Modified = {2015-06-27 00:21:36 +0000},
	Journal = {arXiv preprint arXiv:1211.4625},
	Title = {A link-based mixed integer LP approach for adaptive traffic signal control},
	Year = {2012}}

@techreport{gartner1974optimization,
	Author = {Gartner, Nathan and Little, John D and Gabbay, Henry},
	Date-Added = {2015-06-27 00:20:35 +0000},
	Date-Modified = {2015-06-27 00:20:35 +0000},
	Institution = {DTIC Document},
	Title = {Optimization of traffic signal settings in networks by mixed-integer linear programming},
	Year = {1974}}

@article{gartner2002arterial,
	Author = {Gartner, Nathan H and Stamatiadis, Chronis},
	Date-Added = {2015-06-27 00:19:11 +0000},
	Date-Modified = {2015-06-27 00:19:11 +0000},
	Journal = {Mathematical and computer modelling},
	Number = {5},
	Pages = {657--671},
	Publisher = {Elsevier},
	Title = {Arterial-based control of traffic flow in urban grid networks},
	Volume = {35},
	Year = {2002}}

@inproceedings{canepa2012exact,
	Author = {Canepa, Edward S and Claudel, Christian G},
	Booktitle = {Intelligent Transportation Systems (ITSC), 2012 15th International IEEE Conference on},
	Date-Added = {2015-06-27 00:18:15 +0000},
	Date-Modified = {2015-06-27 00:18:15 +0000},
	Organization = {IEEE},
	Pages = {832--839},
	Title = {Exact solutions to traffic density estimation problems involving the lighthill-whitham-richards traffic flow model using mixed integer programming},
	Year = {2012}}

@inproceedings{alecsandru2011assessment,
	Author = {Alecsandru, Ciprian and Quddus, Abdul and Huang, Kuo Cheng and Rouhieh, Behzad and Khan, Ali Raza and Zeng, Qingjie},
	Booktitle = {Transportation Research Board 90th Annual Meeting},
	Date-Added = {2015-06-27 00:17:44 +0000},
	Date-Modified = {2015-06-27 00:17:44 +0000},
	Number = {11-1152},
	Title = {An assessment of the cell-transmission traffic flow paradigm: Development and applications},
	Year = {2011}}

@article{xiaojian2010urban,
	Author = {Xiaojian, HU and Wei, WANG and Sheng, Hui},
	Date-Added = {2015-06-27 00:16:55 +0000},
	Date-Modified = {2015-06-27 00:16:55 +0000},
	Journal = {Journal of Transportation Systems Engineering and Information Technology},
	Number = {4},
	Pages = {73--78},
	Publisher = {Elsevier},
	Title = {Urban traffic flow prediction with variable cell transmission model},
	Volume = {10},
	Year = {2010}}

@article{jabari2012stochastic,
	Author = {Jabari, Saif Eddin and Liu, Henry X},
	Date-Added = {2015-06-27 00:16:27 +0000},
	Date-Modified = {2015-06-27 00:16:27 +0000},
	Journal = {Transportation Research Part B: Methodological},
	Number = {1},
	Pages = {156--174},
	Publisher = {Elsevier},
	Title = {A stochastic model of traffic flow: Theoretical foundations},
	Volume = {46},
	Year = {2012}}

@article{sumalee2011stochastic,
	Author = {Sumalee, A and Zhong, RX and Pan, TL and Szeto, WY},
	Date-Added = {2015-06-27 00:15:53 +0000},
	Date-Modified = {2015-06-27 00:15:53 +0000},
	Journal = {Transportation Research Part B: Methodological},
	Number = {3},
	Pages = {507--533},
	Publisher = {Elsevier},
	Title = {Stochastic cell transmission model (SCTM): A stochastic dynamic traffic model for traffic state surveillance and assignment},
	Volume = {45},
	Year = {2011}}

@techreport{kim2002online,
	Author = {Kim, Youngho},
	Date-Added = {2015-06-27 00:15:11 +0000},
	Date-Modified = {2015-06-27 00:15:11 +0000},
	Institution = {Int. At. Energy Agency},
	Title = {Online traffic flow model applying dynamic flow-density relation},
	Year = {2002}}

@article{lo1998novel,
	Author = {Lo, Hong K},
	Date-Added = {2015-06-27 00:12:26 +0000},
	Date-Modified = {2015-06-27 00:12:26 +0000},
	Journal = {Transportation Research Part A: Policy and Practice},
	Number = {6},
	Pages = {433--448},
	Publisher = {Elsevier},
	Title = {A novel traffic signal control formulation},
	Volume = {33},
	Year = {1998}}

@inproceedings{muralidharan2009freeway,
	Author = {Muralidharan, Ajith and Dervisoglu, Gunes and Horowitz, Roberto},
	Booktitle = {American Control Conference, 2009. ACC'09.},
	Date-Added = {2015-06-27 00:10:35 +0000},
	Date-Modified = {2015-06-27 00:10:35 +0000},
	Organization = {IEEE},
	Pages = {2916--2921},
	Title = {Freeway traffic flow simulation using the link node cell transmission model},
	Year = {2009}}

@article{lu2011discrete,
	Author = {Lu, Shoufeng and Dai, Shiqiang and Liu, Ximin},
	Date-Added = {2015-06-27 00:09:57 +0000},
	Date-Modified = {2015-06-27 00:09:57 +0000},
	Journal = {Transportation Research Part C: Emerging Technologies},
	Number = {2},
	Pages = {196--205},
	Publisher = {Elsevier},
	Title = {A discrete traffic kinetic model--integrating the lagged cell transmission and continuous traffic kinetic models},
	Volume = {19},
	Year = {2011}}

@article{daganzo1994cell,
	Author = {Daganzo, Carlos F},
	Date-Added = {2015-06-27 00:09:22 +0000},
	Date-Modified = {2015-06-27 00:09:22 +0000},
	Journal = {Transportation Research Part B: Methodological},
	Number = {4},
	Pages = {269--287},
	Publisher = {Elsevier},
	Title = {The cell transmission model: A dynamic representation of highway traffic consistent with the hydrodynamic theory},
	Volume = {28},
	Year = {1994}}

@article{daganzo1995cell,
	Author = {Daganzo, Carlos F},
	Date-Added = {2015-06-27 00:08:17 +0000},
	Date-Modified = {2015-06-27 00:08:17 +0000},
	Journal = {Transportation Research Part B: Methodological},
	Number = {2},
	Pages = {79--93},
	Publisher = {Elsevier},
	Title = {The cell transmission model, part II: network traffic},
	Volume = {29},
	Year = {1995}}

@phdthesis{huang2011traffic,
	Author = {Huang, Kuo Cheng},
	Date-Added = {2015-06-27 00:07:13 +0000},
	Date-Modified = {2015-06-27 00:07:13 +0000},
	School = {Concordia University},
	Title = {Traffic Simulation Model for Urban Networks: CTM-URBAN},
	Year = {2011}}

@article{gomes2006optimal,
	Author = {Gomes, Gabriel and Horowitz, Roberto},
	Date-Added = {2015-06-27 00:06:43 +0000},
	Date-Modified = {2015-06-27 00:06:43 +0000},
	Journal = {Transportation Research Part C: Emerging Technologies},
	Number = {4},
	Pages = {244--262},
	Publisher = {Elsevier},
	Title = {Optimal freeway ramp metering using the asymmetric cell transmission model},
	Volume = {14},
	Year = {2006}}

@article{lo1999dynamic,
	Author = {Lo, Hong K and Chang, Elbert and Chan, Yiu Cho},
	Date-Added = {2015-06-27 00:04:43 +0000},
	Date-Modified = {2015-06-27 00:04:43 +0000},
	Journal = {Transportation Research Part A: Policy and Practice},
	Number = {8},
	Pages = {721--744},
	Publisher = {Elsevier},
	Title = {Dynamic network traffic control},
	Volume = {35},
	Year = {1999}}

@inproceedings{smith2013surtrac,
   author = "Stephen Smith and Gregory Barlow and Xiao-Feng Xie and Zack Rubinstein",
   title = "SURTRAC: Scalable Urban Traffic Control",
   booktitle = "Transportation Research Board 92nd Annual Meeting Compendium of Papers",
   publisher = "Transportation Research Board",
   month = "January",
   year = "2013",
}

@techreport{scoot81,
  author = {P. B. Hunt and D. I. Robertson and R. D. Bretherton and R. I. Winton},
  title = {SCOOT--A traffic responsive method of coordinating signals}  , 
  institution = {Transportation Road Research Lab},
  address = {Crowthorne, U.K.},
  year = {1981}
}

@article{scats80,
  author = {A. G. Sims and K. W. Dobinson},
  title = {SCAT--The Sydney co-ordinated adaptive traffic system: Philosophy and benefits},
  year = {1980},
  journal = {IEEE Transactions on Vehicular Technology},
  volume = {29},
  issue = {2}
}
